<?xml version="1.0" encoding="UTF-8"?>
  <record xmlns="http://www.loc.gov/MARC21/slim" type="Authority">
    <leader>00000nz  a2200000nc 4500</leader>
    <controlfield tag="001">118565184</controlfield>
    <controlfield tag="003">DE-101</controlfield>
    <controlfield tag="005">20220711114000.0</controlfield>
    <controlfield tag="008">880701n||azznnaabn           | aaa    |c</controlfield>
    <datafield tag="024" ind1="7" ind2=" ">
      <subfield code="a">118565184</subfield>
      <subfield code="0">http://d-nb.info/gnd/118565184</subfield>
      <subfield code="2">gnd</subfield>
    </datafield>
    <datafield tag="035" ind1=" " ind2=" ">
      <subfield code="a">(DE-101)118565184</subfield>
    </datafield>
    <datafield tag="035" ind1=" " ind2=" ">
      <subfield code="a">(DE-588)118565184</subfield>
    </datafield>
    <datafield tag="035" ind1=" " ind2=" ">
      <subfield code="z">(DE-588)1090257724</subfield>
    </datafield>
    <datafield tag="035" ind1=" " ind2=" ">
      <subfield code="z">(DE-588)1122854331</subfield>
    </datafield>
    <datafield tag="035" ind1=" " ind2=" ">
      <subfield code="z">(DE-588)1122846967</subfield>
    </datafield>
    <datafield tag="035" ind1=" " ind2=" ">
      <subfield code="z">(DE-588)1122845960</subfield>
    </datafield>
    <datafield tag="035" ind1=" " ind2=" ">
      <subfield code="z">(DE-588)108914055X</subfield>
    </datafield>
    <datafield tag="035" ind1=" " ind2=" ">
      <subfield code="z">(DE-588)105558658X</subfield>
    </datafield>
    <datafield tag="035" ind1=" " ind2=" ">
      <subfield code="z">(DE-588)186639430</subfield>
    </datafield>
    <datafield tag="035" ind1=" " ind2=" ">
      <subfield code="z">(DE-588a)186639430</subfield>
      <subfield code="9">v:zg</subfield>
    </datafield>
    <datafield tag="035" ind1=" " ind2=" ">
      <subfield code="z">(DE-588)174304617</subfield>
    </datafield>
    <datafield tag="035" ind1=" " ind2=" ">
      <subfield code="z">(DE-588a)174304617</subfield>
      <subfield code="9">v:zg</subfield>
    </datafield>
    <datafield tag="035" ind1=" " ind2=" ">
      <subfield code="z">(DE-588a)118565184</subfield>
      <subfield code="9">v:zg</subfield>
    </datafield>
    <datafield tag="035" ind1=" " ind2=" ">
      <subfield code="z">(DE-588c)4032207-5</subfield>
      <subfield code="9">v:zg</subfield>
    </datafield>
    <datafield tag="040" ind1=" " ind2=" ">
      <subfield code="a">DE-101</subfield>
      <subfield code="c">DE-101</subfield>
      <subfield code="9">r:DE-101</subfield>
      <subfield code="b">ger</subfield>
      <subfield code="d">0021</subfield>
      <subfield code="e">rda</subfield>
    </datafield>
    <datafield tag="042" ind1=" " ind2=" ">
      <subfield code="a">gnd1</subfield>
    </datafield>
    <datafield tag="043" ind1=" " ind2=" ">
      <subfield code="c">XT</subfield>
    </datafield>
    <datafield tag="065" ind1=" " ind2=" ">
      <subfield code="a">16.5p</subfield>
      <subfield code="2">sswd</subfield>
    </datafield>
    <datafield tag="075" ind1=" " ind2=" ">
      <subfield code="b">p</subfield>
      <subfield code="2">gndgen</subfield>
    </datafield>
    <datafield tag="075" ind1=" " ind2=" ">
      <subfield code="b">pik</subfield>
      <subfield code="2">gndspec</subfield>
    </datafield>
    <datafield tag="079" ind1=" " ind2=" ">
      <subfield code="a">g</subfield>
      <subfield code="q">s</subfield>
      <subfield code="q">f</subfield>
      <subfield code="q">p</subfield>
      <subfield code="q">z</subfield>
      <subfield code="q">a</subfield>
      <subfield code="u">w</subfield>
      <subfield code="u">v</subfield>
      <subfield code="u">k</subfield>
    </datafield>
    <datafield tag="100" ind1="0" ind2=" ">
      <subfield code="a">Konstantin</subfield>
      <subfield code="b">I.</subfield>
      <subfield code="c">Römisches Reich, Kaiser</subfield>
      <subfield code="d">ca. 280-337</subfield>
    </datafield>
    <datafield tag="375" ind1=" " ind2=" ">
      <subfield code="a">1</subfield>
      <subfield code="2">iso5218</subfield>
    </datafield>
    <datafield tag="377" ind1=" " ind2="7">
      <subfield code="a">lat</subfield>
      <subfield code="2">iso639-2b</subfield>
    </datafield>
    <datafield tag="400" ind1="0" ind2=" ">
      <subfield code="a">Constantin</subfield>
      <subfield code="b">I.</subfield>
      <subfield code="c">Magnus Imperator</subfield>
      <subfield code="d">ca. 280-337</subfield>
    </datafield>
    <datafield tag="400" ind1="0" ind2=" ">
      <subfield code="a">Constantinus Imperator</subfield>
      <subfield code="d">ca. 280-337</subfield>
    </datafield>
    <datafield tag="400" ind1="0" ind2=" ">
      <subfield code="9">L:fre</subfield>
      <subfield code="a">Constantin</subfield>
      <subfield code="b">I.</subfield>
      <subfield code="c">Empire romain, empereur</subfield>
      <subfield code="d">ca. 280-337</subfield>
      <subfield code="5">CH-GND</subfield>
    </datafield>
    <datafield tag="400" ind1="0" ind2=" ">
      <subfield code="9">L:eng</subfield>
      <subfield code="a">Constantine</subfield>
      <subfield code="b">I.</subfield>
      <subfield code="c">Roman Empire, Emperor</subfield>
      <subfield code="d">ca. 280-337</subfield>
      <subfield code="5">CH-GND</subfield>
    </datafield>
    <datafield tag="400" ind1="0" ind2=" ">
      <subfield code="a">Constantin</subfield>
      <subfield code="c">der Grosse</subfield>
      <subfield code="d">ca. 280-337</subfield>
    </datafield>
    <datafield tag="400" ind1="0" ind2=" ">
      <subfield code="a">Constantinus</subfield>
      <subfield code="c">Constantinopolitanus</subfield>
      <subfield code="d">ca. 280-337</subfield>
    </datafield>
    <datafield tag="400" ind1="0" ind2=" ">
      <subfield code="a">Constantinus</subfield>
      <subfield code="d">ca. 280-337</subfield>
    </datafield>
    <datafield tag="400" ind1="1" ind2=" ">
      <subfield code="a">Constantinus, Flavius Valerius</subfield>
      <subfield code="d">ca. 280-337</subfield>
    </datafield>
    <datafield tag="400" ind1="0" ind2=" ">
      <subfield code="a">Flavius Valerius Constantinus Augustus</subfield>
      <subfield code="d">ca. 280-337</subfield>
    </datafield>
    <datafield tag="400" ind1="1" ind2=" ">
      <subfield code="a">Valerius Constantinus Augustus, Flavius</subfield>
      <subfield code="d">ca. 280-337</subfield>
    </datafield>
    <datafield tag="400" ind1="0" ind2=" ">
      <subfield code="a">Constantine</subfield>
      <subfield code="c">the Great</subfield>
      <subfield code="d">ca. 280-337</subfield>
    </datafield>
    <datafield tag="400" ind1="0" ind2=" ">
      <subfield code="a">Constantinus</subfield>
      <subfield code="b">I.</subfield>
      <subfield code="c">Imperator</subfield>
      <subfield code="d">ca. 280-337</subfield>
    </datafield>
    <datafield tag="400" ind1="0" ind2=" ">
      <subfield code="a">Constantinus</subfield>
      <subfield code="c">Imperator</subfield>
      <subfield code="d">ca. 280-337</subfield>
    </datafield>
    <datafield tag="400" ind1="0" ind2=" ">
      <subfield code="a">Constantin</subfield>
      <subfield code="c">Empereur</subfield>
      <subfield code="d">ca. 280-337</subfield>
    </datafield>
    <datafield tag="400" ind1="0" ind2=" ">
      <subfield code="a">Constantine</subfield>
      <subfield code="b">I.</subfield>
      <subfield code="c">Emperor</subfield>
      <subfield code="d">ca. 280-337</subfield>
    </datafield>
    <datafield tag="400" ind1="0" ind2=" ">
      <subfield code="a">Constantin</subfield>
      <subfield code="c">Kaiser</subfield>
      <subfield code="d">ca. 280-337</subfield>
    </datafield>
    <datafield tag="400" ind1="0" ind2=" ">
      <subfield code="a">Constantinus</subfield>
      <subfield code="c">Augustus</subfield>
      <subfield code="d">ca. 280-337</subfield>
    </datafield>
    <datafield tag="400" ind1="0" ind2=" ">
      <subfield code="a">Konstantin</subfield>
      <subfield code="c">der Große</subfield>
      <subfield code="d">ca. 280-337</subfield>
    </datafield>
    <datafield tag="400" ind1="0" ind2=" ">
      <subfield code="a">Constantinus</subfield>
      <subfield code="c">der Große</subfield>
      <subfield code="d">ca. 280-337</subfield>
    </datafield>
    <datafield tag="400" ind1="0" ind2=" ">
      <subfield code="a">Konstantin</subfield>
      <subfield code="c">den Stores</subfield>
      <subfield code="d">ca. 280-337</subfield>
    </datafield>
    <datafield tag="400" ind1="0" ind2=" ">
      <subfield code="a">Costantino</subfield>
      <subfield code="c">il Grande</subfield>
      <subfield code="d">ca. 280-337</subfield>
    </datafield>
    <datafield tag="400" ind1="0" ind2=" ">
      <subfield code="a">Constantinus</subfield>
      <subfield code="b">I.</subfield>
      <subfield code="c">Imperium Romanum, Imperator</subfield>
      <subfield code="d">ca. 280-337</subfield>
    </datafield>
    <datafield tag="400" ind1="0" ind2=" ">
      <subfield code="a">Konstantin</subfield>
      <subfield code="d">ca. 280-337</subfield>
    </datafield>
    <datafield tag="400" ind1="0" ind2=" ">
      <subfield code="a">Constantino</subfield>
      <subfield code="c">Magno</subfield>
      <subfield code="d">ca. 280-337</subfield>
    </datafield>
    <datafield tag="400" ind1="0" ind2=" ">
      <subfield code="a">Konstantinos</subfield>
      <subfield code="c">Sebastos</subfield>
      <subfield code="d">ca. 280-337</subfield>
    </datafield>
    <datafield tag="400" ind1="0" ind2=" ">
      <subfield code="a">Constantinus</subfield>
      <subfield code="c">Der GroßE</subfield>
      <subfield code="d">ca. 280-337</subfield>
    </datafield>
    <datafield tag="400" ind1="0" ind2=" ">
      <subfield code="a">Constantinus</subfield>
      <subfield code="c">Magnus</subfield>
      <subfield code="d">ca. 280-337</subfield>
    </datafield>
    <datafield tag="400" ind1="1" ind2=" ">
      <subfield code="a">Constantinus Augustus, Flavius Valerius</subfield>
      <subfield code="d">ca. 280-337</subfield>
    </datafield>
    <datafield tag="400" ind1="0" ind2=" ">
      <subfield code="a">Konstantin</subfield>
      <subfield code="c">der Grosse</subfield>
      <subfield code="d">ca. 280-337</subfield>
    </datafield>
    <datafield tag="400" ind1="0" ind2=" ">
      <subfield code="a">Konstantin</subfield>
      <subfield code="c">Römischer Kaiser</subfield>
      <subfield code="d">ca. 280-337</subfield>
    </datafield>
    <datafield tag="400" ind1="0" ind2=" ">
      <subfield code="a">Constantinus</subfield>
      <subfield code="b">I</subfield>
      <subfield code="c">Kaiser von Rom</subfield>
      <subfield code="d">ca. 280-337</subfield>
    </datafield>
    <datafield tag="400" ind1="0" ind2=" ">
      <subfield code="a">Constantinus</subfield>
      <subfield code="c">der Grosse</subfield>
      <subfield code="d">ca. 280-337</subfield>
    </datafield>
    <datafield tag="400" ind1="0" ind2=" ">
      <subfield code="a">Constantinus</subfield>
      <subfield code="b">I</subfield>
      <subfield code="c">Imperator</subfield>
      <subfield code="d">ca. 280-337</subfield>
    </datafield>
    <datafield tag="400" ind1="0" ind2=" ">
      <subfield code="a">Constantine</subfield>
      <subfield code="c">the great</subfield>
      <subfield code="d">ca. 280-337</subfield>
    </datafield>
    <datafield tag="400" ind1="0" ind2=" ">
      <subfield code="a">Constantinus</subfield>
      <subfield code="b">I</subfield>
      <subfield code="c">Kaiser des Römischen Reiches</subfield>
      <subfield code="d">ca. 280-337</subfield>
    </datafield>
    <datafield tag="400" ind1="0" ind2=" ">
      <subfield code="a">Constantinus</subfield>
      <subfield code="b">1</subfield>
      <subfield code="c">Römisches Reich, Kaiser</subfield>
      <subfield code="d">ca. 280-337</subfield>
    </datafield>
    <datafield tag="500" ind1="0" ind2=" ">
      <subfield code="0">(DE-101)119159589</subfield>
      <subfield code="0">(DE-588)119159589</subfield>
      <subfield code="0">https://d-nb.info/gnd/119159589</subfield>
      <subfield code="a">Constantius</subfield>
      <subfield code="b">I.</subfield>
      <subfield code="c">Römisches Reich, Kaiser</subfield>
      <subfield code="d">250-306</subfield>
      <subfield code="4">bezf</subfield>
      <subfield code="4">https://d-nb.info/standards/elementset/gnd#familialRelationship</subfield>
      <subfield code="w">r</subfield>
      <subfield code="i">Beziehung familiaer</subfield>
      <subfield code="e">Beziehung familiaer</subfield>
      <subfield code="9">v:Vater</subfield>
    </datafield>
    <datafield tag="500" ind1="0" ind2=" ">
      <subfield code="0">(DE-101)118710117</subfield>
      <subfield code="0">(DE-588)118710117</subfield>
      <subfield code="0">https://d-nb.info/gnd/118710117</subfield>
      <subfield code="a">Helena</subfield>
      <subfield code="c">Römisches Reich, Kaiserin</subfield>
      <subfield code="d">248-330</subfield>
      <subfield code="4">bezf</subfield>
      <subfield code="4">https://d-nb.info/standards/elementset/gnd#familialRelationship</subfield>
      <subfield code="w">r</subfield>
      <subfield code="i">Beziehung familiaer</subfield>
      <subfield code="e">Beziehung familiaer</subfield>
      <subfield code="9">v:Mutter</subfield>
    </datafield>
    <datafield tag="500" ind1="0" ind2=" ">
      <subfield code="0">(DE-101)102387141</subfield>
      <subfield code="0">(DE-588)102387141</subfield>
      <subfield code="0">https://d-nb.info/gnd/102387141</subfield>
      <subfield code="a">Constantia</subfield>
      <subfield code="c">Augusta</subfield>
      <subfield code="d">320-354</subfield>
      <subfield code="4">bezf</subfield>
      <subfield code="4">https://d-nb.info/standards/elementset/gnd#familialRelationship</subfield>
      <subfield code="w">r</subfield>
      <subfield code="i">Beziehung familiaer</subfield>
      <subfield code="e">Beziehung familiaer</subfield>
      <subfield code="9">v:Tochter</subfield>
    </datafield>
    <datafield tag="548" ind1=" " ind2=" ">
      <subfield code="a">ca. 280-337</subfield>
      <subfield code="4">datl</subfield>
      <subfield code="4">https://d-nb.info/standards/elementset/gnd#associatedDate</subfield>
      <subfield code="w">r</subfield>
      <subfield code="i">Lebensdaten</subfield>
      <subfield code="9">v:Geburtsjahr ca.</subfield>
    </datafield>
    <datafield tag="548" ind1=" " ind2=" ">
      <subfield code="a">02-</subfield>
      <subfield code="4">datu</subfield>
      <subfield code="4">https://d-nb.info/standards/elementset/gnd#udkCode</subfield>
      <subfield code="w">r</subfield>
      <subfield code="i">UDK</subfield>
    </datafield>
    <datafield tag="548" ind1=" " ind2=" ">
      <subfield code="a">03-</subfield>
      <subfield code="4">datu</subfield>
      <subfield code="4">https://d-nb.info/standards/elementset/gnd#udkCode</subfield>
      <subfield code="w">r</subfield>
      <subfield code="i">UDK</subfield>
    </datafield>
    <datafield tag="548" ind1=" " ind2=" ">
      <subfield code="a">27.02.270-22.05.337</subfield>
      <subfield code="4">datx</subfield>
      <subfield code="4">https://d-nb.info/standards/elementset/gnd#dateOfBirthAndDeath</subfield>
      <subfield code="w">r</subfield>
      <subfield code="i">Exakte Lebensdaten</subfield>
    </datafield>
    <datafield tag="667" ind1=" " ind2=" ">
      <subfield code="a">12</subfield>
    </datafield>
    <datafield tag="667" ind1=" " ind2=" ">
      <subfield code="a">7</subfield>
    </datafield>
    <datafield tag="667" ind1=" " ind2=" ">
      <subfield code="a">12-PAN</subfield>
    </datafield>
    <datafield tag="667" ind1=" " ind2=" ">
      <subfield code="a">VD-17</subfield>
    </datafield>
    <datafield tag="667" ind1=" " ind2=" ">
      <subfield code="a">3</subfield>
    </datafield>
    <datafield tag="667" ind1=" " ind2=" ">
      <subfield code="a">VD-18</subfield>
    </datafield>
    <datafield tag="667" ind1=" " ind2=" ">
      <subfield code="a">TITAN</subfield>
    </datafield>
    <datafield tag="667" ind1=" " ind2=" ">
      <subfield code="a">Quelle: DNB-Normdaten/KIDS (Info DNB-Normdaten: Lebensdaten: 274-337)</subfield>
    </datafield>
    <datafield tag="667" ind1=" " ind2=" ">
      <subfield code="a">Pacelli-Edition</subfield>
    </datafield>
    <datafield tag="670" ind1=" " ind2=" ">
      <subfield code="a">M; B 1986; Lex. alte Welt</subfield>
    </datafield>
    <datafield tag="670" ind1=" " ind2=" ">
      <subfield code="a">LCAuth</subfield>
    </datafield>
    <datafield tag="670" ind1=" " ind2=" ">
      <subfield code="a">Homepage</subfield>
      <subfield code="b">Stand: 25.11.2019</subfield>
      <subfield code="u">http://www.pacelli-edition.de/Biographie/11048</subfield>
    </datafield>
    <datafield tag="672" ind1=" " ind2="0">
      <subfield code="a">@Acta Et Canones Sacrosancti Primi Oecvmenici Concilii Nicæani: Temporibus Syluestri Pont. Rom. &amp; Constantini Imperatoris celebrati. - 1572</subfield>
    </datafield>
    <datafield tag="678" ind1=" " ind2=" ">
      <subfield code="b">Röm. Kaiser seit 306</subfield>
    </datafield>
    <datafield tag="678" ind1=" " ind2=" ">
      <subfield code="b">293 Erziehung an der Residenz des Augustus Diokletian und Adoption sowie Ernennung zum        Caesar, 307 Ernennung zu einem der vier legitimen Augusti der Tetrarchie, 312 Kreuzesvision        und Schlacht an der Milvischen Brücke gegen Caesar Maxentius sowie erste Begünstigungen der        Christen, 313 "Mailänder Protokoll" mit dem Augustus des Ostens Licinius über die        Tolerierung der christlichen Religionsausübung und zunehmende Einmischung in        strukturell-kirchliche sowie theologische Belange ("Konstantinische Wende"), 324        Alleinherrscher des Römischen Reichs, 325 Einberufung des Konzils von Nizäa, 330 Einweihung        Konstantinopels (Byzanz) als neue Hauptstadt und Verlegung der Residenz, 337 Taufe auf dem        Totenbett.</subfield>
      <subfield code="u">http://www.pacelli-edition.de/Biographie/11048</subfield>
    </datafield>
    <datafield tag="913" ind1=" " ind2=" ">
      <subfield code="S">pnd</subfield>
      <subfield code="i">5</subfield>
      <subfield code="a">Constantinus &lt;Imperium Romanum, Imperator, I.&gt;</subfield>
      <subfield code="0">(DE-588a)118565184</subfield>
    </datafield>
    <datafield tag="913" ind1=" " ind2=" ">
      <subfield code="S">pnd</subfield>
      <subfield code="i">5</subfield>
      <subfield code="a">Konstantin &lt;Römisches Reich, Kaiser, I.&gt;</subfield>
      <subfield code="0">(DE-588a)118565184</subfield>
    </datafield>
    <datafield tag="913" ind1=" " ind2=" ">
      <subfield code="S">pnd</subfield>
      <subfield code="i">5</subfield>
      <subfield code="a">Constantinus &lt;Römisches Reich, Kaiser, &amp;nsb;I.&amp;nse; 1&gt;</subfield>
      <subfield code="0">(DE-588a)174304617</subfield>
    </datafield>
    <datafield tag="913" ind1=" " ind2=" ">
      <subfield code="S">pnd</subfield>
      <subfield code="i">5</subfield>
      <subfield code="a">Constantinus &lt;Imperium Romanum, Imperator, I.&gt;</subfield>
      <subfield code="0">(DE-588a)186639430</subfield>
    </datafield>
  </record>
